@article{Kalman1960,
author = {Kalman, Rudolph Emil},
title = {A New Approach to Linear Filtering and Prediction Problems},
journal = {Transactions of the ASME--Journal of Basic Engineering},
volume = {82},
number = {Series D},
pages = {35--45},
year = {1960}
}

@techreport{WelchandBishop1995,
 author = {Welch, Greg and Bishop, Gary},
 title = {An Introduction to the Kalman Filter},
 year = {1995},
 source = {http://www.ncstrl.org:8900/ncstrl/servlet/search?formname=detail\&id=oai%3Ancstrlh%3Auncch_cs%3AUNCCH_CS%2F%2FTR95-041},
 publisher = {University of North Carolina at Chapel Hill},
 address = {Chapel Hill, NC, USA}
}

@book{Maybeck1979,
  title={Stochastic Models: Estimation and Control: v. 1: Estimation and Control:},
  number={v. 1},
  isbn={9780080956503},
  series={Mathematics in Science and Engineering},
  url={http://books.google.com/books?id=FkkZBqQG36gC},
  year={1979},
  publisher={Elsevier Science}
}

@book{Jacobs1993,
  title={Introduction to control theory},
  author={Jacobs, O.L.R.},
  isbn={9780198562498},
  lccn={93012784},
  series={Oxford sciences publications},
  url={http://books.google.com/books?id=df8pAQAAMAAJ},
  year={1993},
  publisher={Oxford University Press, Incorporated}
}

@book{Brown2012,
  title={Introduction to Random Signals and Applied Kalman Filtering with MATLAB Exercises, 4th Edition},
  author={Brown, R.G. and Hwang, P.Y.C.},
  isbn={9781118213520},
  url={https://books.google.com/books?id=PeQbAAAAQBAJ},
  year={2012},
  publisher={Wiley Global Education}
}

@inproceedings{Mahalanobis1936,
    author = {Mahalanobis, P. C.},
    booktitle = {Proceedings National Institute of Science, India},
    citeulike-article-id = {4155812},
    citeulike-linkout-0 = {http://ir.isical.ac.in/dspace/handle/1/1268},
    day = {16},
    keywords = {distance, mahalanobis, statistics},
    month = apr,
    number = {1},
    pages = {49--55},
    posted-at = {2009-03-09 18:14:50},
    priority = {0},
    title = {{On the generalised distance in statistics}},
    url = {http://ir.isical.ac.in/dspace/handle/1/1268},
    volume = {2},
    year = {1936}
}

